@article{lovejoy1982area,
  title={Area-perimeter relation for rain and cloud areas},
  author={Lovejoy, S},
  journal={Science},
  volume={216},
  number={4542},
  pages={185--187},
  year={1982},
  publisher={American Association for the Advancement of Science}
}

@article{gotoh1998fractal,
  title={A fractal dimensional analysis on the cloud shape parameters of cumulus over land},
  author={Gotoh, Kazuo and Fujii, Yasuhiko},
  journal={Journal of applied meteorology},
  volume={37},
  number={10},
  pages={1283--1292},
  year={1998}
}

@article{batista2016classification,
  title={Classification and dynamics of tropical clouds by their fractal dimension},
  author={Batista-Tom{\'a}s, AR and D{\'\i}az, O and Batista-Leyva, AJ and Altshuler, E},
  journal={Quarterly Journal of the Royal Meteorological Society},
  volume={142},
  number={695},
  pages={983--988},
  year={2016},
  publisher={Wiley Online Library}
}

@article{christensen2021fractal,
  title={The fractal nature of clouds in global storm-resolving models},
  author={Christensen, Hannah M and Driver, Oliver GA},
  journal={Geophysical Research Letters},
  volume={48},
  number={23},
  pages={e2021GL095746},
  year={2021},
  publisher={Wiley Online Library}
}

@misc{constantin2024,
  author = {Constantin, Daniel and Kneifel, Stefan and Negoita, Catalin and Rosu, Adrian and Walden, Chris and Zinner, Tobias and O'Connor, Ewan and Mayer, Bernhard and Voiculescu, Mirela},
  title = {Custom collection of classification data from Chilbolton, Galați, and Munich between 1 May 1999 and 31 Mar 2024},
  year = {2024},
  url = {https://doi.org/10.60656/c282835b380c40cd},
  publisher = {ACTRIS Cloud remote sensing data centre unit (CLU)},
  licence = {https://creativecommons.org/licenses/by/4.0/}
}

@misc{grsdorf2024,
  author = {Görsdorf, Ulrich and Knist, Christine and O'Connor, Ewan and Lehmann, Volker},
  title = {Custom collection of classification data from Lindenberg between 1 Apr 2004 and 31 Mar 2024},
  year = {2024},
  url = {https://doi.org/10.60656/73aa0ecde36a4284},
  publisher = {ACTRIS Cloud remote sensing data centre unit (CLU)},
  licence = {https://creativecommons.org/licenses/by/4.0/}
}

@article{Tukiainen2020, doi = {10.21105/joss.02123}, url = {https://doi.org/10.21105/joss.02123}, year = {2020}, publisher = {The Open Journal}, volume = {5}, number = {53}, pages = {2123}, author = {Simo Tukiainen and Ewan O'Connor and Anniina Korpinen}, title = {CloudnetPy: A Python package for processing cloud remote sensing data}, journal = {Journal of Open Source Software} }
